<?xml version="1.0" encoding="UTF-8"?><record xmlns="http://www.loc.gov/MARC21/slim" xmlns:cinclude="http://apache.org/cocoon/include/1.0" xmlns:zs="http://www.loc.gov/zing/srw/">
  <leader>00382nz  a2200133n  4500</leader>
  <controlfield tag="001">n  96112720 </controlfield>
  <controlfield tag="003">DLC</controlfield>
  <controlfield tag="005">19961120111749.0</controlfield>
  <controlfield tag="008">961120n| acannaab|          |n aaa |||  </controlfield>
  <datafield tag="010" ind1=" " ind2=" ">
    <subfield code="a">n  96112720 </subfield>
  </datafield>
  <datafield tag="040" ind1=" " ind2=" ">
    <subfield code="a">DLC</subfield>
    <subfield code="c">DLC</subfield>
  </datafield>
  <datafield tag="100" ind1="1" ind2="0">
    <subfield code="a">Evans, Robley</subfield>
  </datafield>
  <datafield tag="670" ind1=" " ind2=" ">
    <subfield code="a">George Bird Grinnell, c1996:</subfield>
    <subfield code="b">t.p. (Robley Evans, Connecticut College)</subfield>
  </datafield>
  <datafield tag="670" ind1=" " ind2=" ">
    <subfield code="a">LC data base, 11-20-96</subfield>
    <subfield code="b">(hdg.: Evans, Robley)</subfield>
  </datafield>
</record>